<record xmlns="http://www.loc.gov/MARC21/slim" xmlns:xsi="http://www.w3.org/2001/XMLSchema-instance" xsi:schemaLocation="http://www.loc.gov/MARC21/slim http://www.loc.gov/standards/marcxml/schema/MARC21slim.xsd"><leader>01955nam a2200373   4500</leader><controlfield tag="001">1743390</controlfield><controlfield tag="003">NIC</controlfield><controlfield tag="006">m        d        </controlfield><controlfield tag="007">cr cn |||m|||a</controlfield><controlfield tag="008">150113s1949    ua      ob    000 0 ara d</controlfield><datafield ind1=" " ind2=" " tag="040"><subfield code="a">NNU</subfield><subfield code="b">eng</subfield><subfield code="e">rda</subfield><subfield code="c">NNU</subfield></datafield><datafield ind1="1" ind2=" " tag="100"><subfield code="6">880-01</subfield><subfield code="a">Na&#772;s&#803;if, &#699;Ali&#772; al-Najdi&#772;. </subfield></datafield><datafield ind1="1" ind2="0" tag="245"><subfield code="6">880-02</subfield><subfield code="a">Ibn Qays al-Ruqayya&#772;t :</subfield><subfield code="b">sha&#772;&#699;ir al-si&#772;ya&#772;sah wa-al-ghazal /</subfield><subfield code="c">ta&#700;li&#772;f &#699;Ali&#772; al-Najdi&#772; Na&#772;s&#803;if.</subfield></datafield><datafield ind1=" " ind2=" " tag="260"><subfield code="6">880-03</subfield><subfield code="a">al-Qa&#772;hirah :</subfield><subfield code="b">Lajnat al-baya&#772;n al-&#699;arabi&#772;,</subfield><subfield code="c">1949.</subfield></datafield><datafield ind1=" " ind2=" " tag="300"><subfield code="a">online resource (179 pages)</subfield></datafield><datafield ind1=" " ind2=" " tag="336"><subfield code="a">text</subfield><subfield code="2">rdacontent</subfield></datafield><datafield ind1=" " ind2=" " tag="337"><subfield code="a">computer</subfield><subfield code="2">rdamedia</subfield></datafield><datafield ind1=" " ind2=" " tag="338"><subfield code="a">online resource</subfield><subfield code="2">rdacarrier</subfield></datafield><datafield ind1=" " ind2=" " tag="500"><subfield code="a">Part of the Arabic Collections Online (ACO) project, contributed by Cornell University Libraries.</subfield></datafield><datafield ind1=" " ind2=" " tag="504"><subfield code="a">Includes bibliographical references.</subfield></datafield><datafield ind1=" " ind2=" " tag="533"><subfield code="a">Electronic reproduction.</subfield><subfield code="b">New York, N.Y. :</subfield><subfield code="c">New York University,</subfield><subfield code="d">2015.</subfield><subfield code="5">NNU</subfield></datafield><datafield ind1="1" ind2="0" tag="600"><subfield code="6">880-04</subfield><subfield code="a">Ibn Qays al-Ruqayya&#772;t, &#699;Ubayd Alla&#772;h,</subfield><subfield code="d">active 657-704</subfield><subfield code="x">Criticism and interpretation.</subfield></datafield><datafield ind1="1" ind2="7" tag="600"><subfield code="a">Ibn Qays al-Ruqayya&#772;t, &#699;Ubayd Alla&#772;h,</subfield><subfield code="d">active 657-704</subfield><subfield code="2">fast</subfield><subfield code="0">(OCoLC)fst01825519</subfield></datafield><datafield ind1=" " ind2="7" tag="655"><subfield code="a">Criticism, interpretation, etc.</subfield><subfield code="2">fast</subfield><subfield code="0">(OCoLC)fst01411635</subfield></datafield><datafield ind1="2" ind2=" " tag="710"><subfield code="a">Cornell University.</subfield><subfield code="b">Libraries.</subfield></datafield><datafield ind1="0" ind2=" " tag="730"><subfield code="a">Arabic Collections Online.</subfield></datafield><datafield ind1="0" ind2="8" tag="776"><subfield code="i">Print version:</subfield><subfield code="a">Na&#772;s&#803;if, &#699;Ali&#772; al-Najdi&#772;.</subfield><subfield code="t">Ibn Qays al-Ruqayya&#772;t</subfield><subfield code="w">(NIC)1743390</subfield><subfield code="w">(OCoLC)33109543</subfield></datafield><datafield ind1="4" ind2="0" tag="856"><subfield code="u">http://hdl.handle.net/2333.1/dz08ks04</subfield></datafield><datafield ind1="1" ind2=" " tag="880"><subfield code="6">100-01/r</subfield><subfield code="a">&#1606;&#1575;&#1589;&#1601;&#1548; &#1593;&#1604;&#1610; &#1575;&#1604;&#1606;&#1580;&#1583;&#1610;. </subfield></datafield><datafield ind1="1" ind2="0" tag="880"><subfield code="6">245-02/r</subfield><subfield code="a">&#1575;&#1576;&#1606; &#1602;&#1610;&#1587; &#1575;&#1604;&#1585;&#1602;&#1610;&#1575;&#1578; :</subfield><subfield code="b">&#1588;&#1575;&#1593;&#1585; &#1575;&#1604;&#1587;&#1610;&#1575;&#1587;&#1577; &#1608;&#1575;&#1604;&#1594;&#1586;&#1604; /</subfield><subfield code="c">&#1578;&#1571;&#1604;&#1610;&#1601; &#1593;&#1604;&#1610; &#1575;&#1604;&#1606;&#1580;&#1583;&#1610; &#1606;&#1575;&#1589;&#1601;.</subfield></datafield><datafield ind1=" " ind2=" " tag="880"><subfield code="6">260-03/r</subfield><subfield code="a">&#1575;&#1604;&#1602;&#1575;&#1607;&#1585;&#1577; :</subfield><subfield code="b">&#1604;&#1580;&#1606;&#1577; &#1575;&#1604;&#1576;&#1610;&#1575;&#1606; &#1575;&#1604;&#1593;&#1585;&#1576;&#1610;&#1548;</subfield><subfield code="c">1949.</subfield></datafield><datafield ind1="1" ind2="4" tag="880"><subfield code="6">600-04/r</subfield><subfield code="a">&#1575;&#1576;&#1606; &#1602;&#1610;&#1587; &#1575;&#1604;&#1585;&#1602;&#1610;&#1575;&#1578;&#1548; &#1593;&#1576;&#1610;&#1583; &#1575;&#1604;&#1604;&#1607;&#1548;</subfield><subfield code="d"> active 657-704</subfield><subfield code="x">Criticism and interpretation.</subfield></datafield><datafield ind1=" " ind2=" " tag="959"><subfield code="a">NNU</subfield><subfield code="b">WEB</subfield><subfield code="c">GENI</subfield><subfield code="t">0</subfield><subfield code="m">Electronic access</subfield><subfield code="s">01</subfield></datafield><datafield ind1=" " ind2=" " tag="999"><subfield code="i">NIC_1743390</subfield><subfield code="o">(OCoLC)ocm33109543</subfield></datafield></record>